<?xml version="1.0" encoding="UTF-8"?><collection xmlns="http://www.loc.gov/MARC21/slim"><record><leader>00440nam--2200133-i-4500</leader><controlfield tag="001">000013772</controlfield><controlfield tag="002">20161230</controlfield><controlfield tag="005">20161230201030</controlfield><controlfield tag="008">060222s1000------------r-----000-0-eng-d</controlfield><datafield ind1=" " ind2=" " tag="245"><subfield code="a">Nuclear spectroscopy. lecture notes of the wor kshop held at gull lake, michigan aug.27 - sep t.7, 1979. proceedings ..</subfield></datafield><datafield ind1=" " ind2=" " tag="260"><subfield code="a">Berlin, Springer-verlag, 1980</subfield></datafield><datafield ind1=" " ind2=" " tag="490"><subfield code="a">Lecture Notes In Physics</subfield></datafield><datafield ind1=" " ind2=" " tag="700"><subfield code="a">Bertsch, G.F./S.A.</subfield></datafield><datafield ind1=" " ind2=" " tag="852"><subfield code="a">539.163.2(061.3)</subfield></datafield></record></collection>